@inproceedings{guessability,
 author = {Wobbrock, Jacob O. and Aung, Htet Htet and Rothrock, Brandon and Myers, Brad A.},
 title = {Maximizing the Guessability of Symbolic Input},
 booktitle = {CHI '05 Extended Abstracts on Human Factors in Computing Systems},
 Nseries = {CHI EA '05},
 year = {2005},
 isbn = {1-59593-002-7},
 location = {Portland, OR, USA},
 pages = {1869--1872},
 numpages = {4},
 url = {http://doi.acm.org/10.1145/1056808.1057043},
 doi = {10.1145/1056808.1057043},
 acmid = {1057043},
 publisher = {ACM},
 Naddress = {New York, NY, USA},
 Nkeywords = {command-line, commands, edgewrite, gestures, guessability, icons, immediate usability, keywords, labels, proposals, referents, symbols, text entry, unistrokes},
}

@inproceedings{feedback,
 author = {Kratz, Sven and Ballagas, Rafael},
 title = {Unravelling Seams: Improving Mobile Gesture Recognition with Visual Feedback Techniques},
 booktitle = {Proceedings of the SIGCHI Conference on Human Factors in Computing Systems},
 Nseries = {CHI '09},
 year = {2009},
 isbn = {978-1-60558-246-7},
 location = {Boston, MA, USA},
 pages = {937--940},
 numpages = {4},
 url = {http://doi.acm.org/10.1145/1518701.1518844},
 doi = {10.1145/1518701.1518844},
 acmid = {1518844},
 publisher = {ACM},
 Naddress = {New York, NY, USA},
 Nkeywords = {gesture recognition, mobile phones, seamful design},
}

@inproceedings{gesture_dataset,
author = {Boulahia, Said and Anquetil, Eric and Multon, Franck and Kulpa, Richard},
year = {2017},
booktitle = {7th IEEE International Conference on Image Processing Theory},
pages = {1--6},
Nseries = {Tools and Applications},
title = {Dynamic hand gesture recognition based on 3D pattern assembled trajectories},
Naddress = {IPTA 2017},
publisher = {IEEE},
doi = {10.1109/IPTA.2017.8310146}
}

@InProceedings{lstm_real_time,
author="Sarkar, Ayanava and Gepperth, Alexander and Handmann, Uwe and Kopinski, Thomas",
Neditor="Horain, Patrick and Achard, Catherine and Mallem, Malik",
title="Dynamic Hand Gesture Recognition for Mobile Systems Using Deep LSTM",
booktitle="Intelligent Human Computer Interaction",
year="2017",
publisher="Springer International Publishing",
Naddress="Cham",
pages="19--31",
}

@INPROCEEDINGS{features, 
author={S. Y. Boulahia and E. Anquetil and R. Kulpa and F. Multon}, 
booktitle={2016 23rd International Conference on Pattern Recognition (ICPR)}, 
title={HIF3D: Handwriting-Inspired Features for 3D skeleton-based action recognition}, 
year={2016}, 
volume={}, 
number={}, 
pages={985-990}, 
Nkeywords={feature extraction;handwriting recognition;image classification;object recognition;support vector machines;HIF3D;handwriting-inspired features;3D skeleton-based action recognition;human skeleton structure;capture technologies;skeleton extraction algorithms;handwritten symbols;handwritten patterns;handwriting feature-set;skeleton descriptor;data preprocessing;joint trajectories;actor morphologies;HIF3D feature extraction;time partitioning scheme;temporal information encoding;support vector machine;SVM;classification step;HDM05;UTKinect;Trajectory;Three-dimensional displays;Handwriting recognition;Feature extraction;Skeleton;Two dimensional displays;Human action recognition;Skeleton-based features;HIF3D;RGB-D data;Handwriting-Inspired Features;Joint trajectory modelling}, 
doi={10.1109/ICPR.2016.7899764}, 
ISSN={}, 
publisher = {IEEE},
Nmonth={Dec},
}